<record><leader>00000cas a2200000 a 4500</leader><controlfield tag="001">11208265</controlfield><controlfield tag="008">840928c19429999ksuwr ne      0   a0eng d</controlfield><controlfield tag="009">3789</controlfield><datafield ind1=" " ind2=" " tag="010"><subfield code="a">sn 84029309 </subfield></datafield><datafield ind1=" " ind2=" " tag="040"><subfield code="a">KSH</subfield><subfield code="b">eng</subfield><subfield code="c">KSH</subfield><subfield code="d">NPT</subfield><subfield code="d">OCL</subfield></datafield><datafield ind1=" " ind2=" " tag="042"><subfield code="a">msc</subfield></datafield><datafield ind1="0" ind2="4" tag="245"><subfield code="a">The Howard courant-citizen.</subfield></datafield><datafield ind1="0" ind2="0" tag="246"><subfield code="a">Howard courant citizen</subfield></datafield><datafield ind1=" " ind2=" " tag="260"><subfield code="a">Howard, Kan. :</subfield><subfield code="b">F.C. &amp; Floyd C. Flory,</subfield><subfield code="c">1942-</subfield></datafield><datafield ind1=" " ind2=" " tag="300"><subfield code="a">v. :</subfield><subfield code="b">ill. ;</subfield><subfield code="c">58 cm.</subfield></datafield><datafield ind1=" " ind2=" " tag="310"><subfield code="a">Weekly</subfield></datafield><datafield ind1="0" ind2=" " tag="362"><subfield code="a">Vol. 72, no. 5 (Jan. 29, 1942)-</subfield></datafield><datafield ind1=" " ind2=" " tag="500"><subfield code="a">Published by Floyd C. FLory, July 6, 1944-Dec. 2, 1971; William R. Threlfall and Virginia L. Smith, Dec. 16, 1971- .</subfield></datafield><datafield ind1=" " ind2=" " tag="752"><subfield code="a">United States</subfield><subfield code="b">Kansas</subfield><subfield code="c">Elk</subfield><subfield code="d">Howard.</subfield></datafield><datafield ind1="0" ind2="4" tag="780"><subfield code="t">Courant (Howard, Kan.)</subfield><subfield code="w">(DLC)sn 84029310</subfield></datafield><datafield ind1="0" ind2="4" tag="780"><subfield code="t">Citizen (Howard, Kan.)</subfield><subfield code="w">(DLC)sn 84029291</subfield></datafield></record>